@Manual{NotShort,
    author = "Tobias Oetiker and Hubert Partl and Irene Hyna 
	and Elisabeth Schlegl",
    title = "The Not So Short Introduction to \LaTeXe, Version 4.26",
    month = "September",
    year = "2008",
    }

@Book{LatexBook,
    author = "Leslie Lamport",
    title = "{\LaTeX}---{A} Document Preparation System---User's
	Guide and Reference Manual",
    year = "1985",
    address = "Reading, MA, USA",
    publisher = "Addison-Wesley",
    pages = "xiv + 242"
    }

@Article{GoodArt,
    author = "Onegood Author",
    title = "What Good Articles Look Like",
    journal = "Journal of Quality Writing",
    volume = "23",
    number = "3",
    month = "March",
    year = "2000"
    }

